<record><leader>00000cas a2200000 a 4500</leader><controlfield tag="001">12727228</controlfield><controlfield tag="008">851028d18921897ksuwr ne      0    0eng d</controlfield><datafield ind1=" " ind2=" " tag="010"><subfield code="a">sn 85066705 </subfield></datafield><datafield ind1=" " ind2=" " tag="040"><subfield code="a">KSH</subfield><subfield code="b">eng</subfield><subfield code="c">KSH</subfield><subfield code="d">NPT</subfield><subfield code="d">OCL</subfield><subfield code="d">OCLCQ</subfield></datafield><datafield ind1=" " ind2=" " tag="042"><subfield code="a">msc</subfield></datafield><datafield ind1="0" ind2=" " tag="130"><subfield code="a">Peoples voice (Sharon Springs, Kan.)</subfield></datafield><datafield ind1="1" ind2="4" tag="245"><subfield code="a">The peoples voice.</subfield></datafield><datafield ind1=" " ind2=" " tag="260"><subfield code="a">Sharon Springs, Kan. :</subfield><subfield code="b">[A.C. McCarthy],</subfield><subfield code="c">1892-1897.</subfield></datafield><datafield ind1=" " ind2=" " tag="300"><subfield code="a">6 v. :</subfield><subfield code="b">ill. ;</subfield><subfield code="c">55 cm.</subfield></datafield><datafield ind1=" " ind2=" " tag="310"><subfield code="a">Weekly</subfield></datafield><datafield ind1="0" ind2=" " tag="362"><subfield code="a">Vol. 1, no. 1 (May 6, 1892)-v. 6, no. 3 (May 14, 1897).</subfield></datafield><datafield ind1=" " ind2=" " tag="500"><subfield code="a">Publisher varies.</subfield></datafield><datafield ind1=" " ind2=" " tag="500"><subfield code="a">"People's party."</subfield></datafield><datafield ind1=" " ind2=" " tag="525"><subfield code="a">Includes supplements.</subfield></datafield><datafield ind1=" " ind2=" " tag="752"><subfield code="a">United States</subfield><subfield code="b">Kansas</subfield><subfield code="c">Wallace</subfield><subfield code="d">Sharon Springs.</subfield></datafield><datafield ind1="0" ind2="4" tag="785"><subfield code="t">Western times (Sharon Springs, Kan. : 1892)</subfield><subfield code="w">(DLC)sn 85066725</subfield></datafield><datafield ind1="1" ind2=" " tag="029"><subfield code="a">AU@</subfield><subfield code="b">000022170058</subfield></datafield></record>